<record><leader>00000cas a2200000 a 4500</leader><controlfield tag="001">8786952</controlfield><controlfield tag="008">820918d18521858caudn ne      0   a0eng  </controlfield><datafield ind1=" " ind2=" " tag="010"><subfield code="a">sn 82014492 </subfield></datafield><datafield ind1=" " ind2=" " tag="040"><subfield code="a">DLC</subfield><subfield code="b">eng</subfield><subfield code="c">DLC</subfield><subfield code="d">NPU</subfield><subfield code="d">DLC</subfield><subfield code="d">NPX</subfield><subfield code="d">NPI</subfield><subfield code="d">DLC</subfield><subfield code="d">MGN</subfield><subfield code="d">CNK</subfield><subfield code="d">DLC</subfield><subfield code="d">OCLCQ</subfield><subfield code="d">DLC</subfield><subfield code="d">CUV</subfield><subfield code="d">UKMGB</subfield><subfield code="d">OCLCQ</subfield><subfield code="d">OCLCF</subfield><subfield code="d">CNK</subfield><subfield code="d">CUS</subfield></datafield><datafield ind1="7" ind2=" " tag="016"><subfield code="a">007161672</subfield><subfield code="2">Uk</subfield></datafield><datafield ind1="7" ind2=" " tag="016"><subfield code="a">002868295</subfield><subfield code="2">Uk</subfield></datafield><datafield ind1="0" ind2=" " tag="041"><subfield code="a">eng</subfield><subfield code="a">fre</subfield></datafield><datafield ind1=" " ind2=" " tag="042"><subfield code="a">pcc</subfield></datafield><datafield ind1=" " ind2=" " tag="043"><subfield code="a">n-us-ca</subfield></datafield><datafield ind1="0" ind2="0" tag="050"><subfield code="a">Newspaper 7136</subfield></datafield><datafield ind1="0" ind2="0" tag="245"><subfield code="a">Daily Democratic state journal.</subfield></datafield><datafield ind1="3" ind2="0" tag="246"><subfield code="a">Daily state journal</subfield></datafield><datafield ind1="3" ind2="0" tag="246"><subfield code="a">State journal</subfield></datafield><datafield ind1="1" ind2="7" tag="246"><subfield code="a">Democratic state journal</subfield></datafield><datafield ind1=" " ind2=" " tag="260"><subfield code="a">Sacramento [Calif.] :</subfield><subfield code="b">V.E. Geiger &amp; Co.,</subfield><subfield code="c">-1858.</subfield></datafield><datafield ind1=" " ind2=" " tag="300"><subfield code="a">v.</subfield></datafield><datafield ind1=" " ind2=" " tag="310"><subfield code="a">Daily (except Sunday)</subfield></datafield><datafield ind1="1" ind2=" " tag="362"><subfield code="a">Began Feb. 2, 1852.</subfield></datafield><datafield ind1="0" ind2=" " tag="362"><subfield code="a">-v. 12, no. 102 (Apr. 30, 1858).</subfield></datafield><datafield ind1=" " ind2=" " tag="500"><subfield code="a">Publishers: Geiger &amp; Washington, &lt;1853&gt;; B.B. Redding &amp; Co.</subfield></datafield><datafield ind1=" " ind2=" " tag="515"><subfield code="a">Suspended June 29-July 1857.</subfield></datafield><datafield ind1=" " ind2=" " tag="530"><subfield code="a">Available online and on microfilm from the Library of Congress, Photoduplication Service.</subfield></datafield><datafield ind1=" " ind2=" " tag="546"><subfield code="a">Page 4 of each issue is in French and English &lt;1852&gt;-Oct. 29, 1853.</subfield></datafield><datafield ind1=" " ind2=" " tag="580"><subfield code="a">Weekly eds.: Weekly Democratic state journal; Democratic state journal (Sacramento, Calif.); Weekly state journal (Sacramento, Calif.).</subfield></datafield><datafield ind1=" " ind2=" " tag="580"><subfield code="a">Steamer ed.: Steamer Democratic state journal.</subfield></datafield><datafield ind1=" " ind2=" " tag="588"><subfield code="a">Description based on: Vol. 1, no. 10 (Feb. 16, 1852).</subfield></datafield><datafield ind1=" " ind2=" " tag="530"><subfield code="a">Master negatives are available for duplication from:</subfield><subfield code="b">California Newspaper Microfilm Archive;</subfield><subfield code="c">for further information consult the CNMA at:</subfield><subfield code="u">http://cbsr.ucr.edu.</subfield></datafield><datafield ind1=" " ind2="0" tag="651"><subfield code="a">Sacramento (Calif.)</subfield><subfield code="v">Newspapers.</subfield></datafield><datafield ind1=" " ind2="7" tag="651"><subfield code="a">California</subfield><subfield code="z">Sacramento.</subfield><subfield code="2">fast</subfield><subfield code="0">(OCoLC)fst01205542</subfield></datafield><datafield ind1=" " ind2="7" tag="655"><subfield code="a">Newspapers.</subfield><subfield code="2">fast</subfield><subfield code="0">(OCoLC)fst01423814</subfield></datafield><datafield ind1=" " ind2=" " tag="752"><subfield code="a">United States</subfield><subfield code="b">California</subfield><subfield code="c">Sacramento</subfield><subfield code="d">Sacramento.</subfield></datafield><datafield ind1="1" ind2=" " tag="775"><subfield code="t">Weekly Democratic state journal</subfield><subfield code="w">(DLC)sn 93052231</subfield><subfield code="w">(OCoLC)30643556</subfield></datafield><datafield ind1="1" ind2=" " tag="775"><subfield code="t">Democratic state journal (Sacramento, Calif.)</subfield><subfield code="w">(DLC)sn 85025046</subfield><subfield code="w">(OCoLC)11561744</subfield></datafield><datafield ind1="1" ind2=" " tag="775"><subfield code="t">Weekly state journal (Sacramento, Calif.)</subfield><subfield code="w">(DLC)sn 84027036</subfield><subfield code="w">(OCoLC)10846818</subfield></datafield><datafield ind1="1" ind2=" " tag="775"><subfield code="t">Steamer Democratic state journal</subfield><subfield code="w">(DLC)sn 84027037</subfield><subfield code="w">(OCoLC)10846775</subfield></datafield><datafield ind1="1" ind2=" " tag="776"><subfield code="t">Daily Democratic state journal (Online)</subfield><subfield code="w">(OCoLC)302709654</subfield></datafield><datafield ind1="0" ind2="5" tag="780"><subfield code="t">Daily Californian (Sacramento, Calif.)</subfield><subfield code="g">1853</subfield><subfield code="w">(DLC)sn 82014993</subfield><subfield code="w">(OCoLC)8814050</subfield></datafield><datafield ind1="0" ind2="0" tag="785"><subfield code="t">California statesman (Sacramento, Calif. : 1858)</subfield></datafield><datafield ind1="4" ind2="1" tag="856"><subfield code="u">http://infoweb.newsbank.com/?db=EANX&amp;s%5FbrowseRef=decades/10FD1CD630657720/all.xml</subfield></datafield><datafield ind1="1" ind2=" " tag="029"><subfield code="a">AU@</subfield><subfield code="b">000042050894</subfield></datafield></record>